@BOOK{Smith:2012qr,
   title = {Chemistry},
   publisher = {Publisher},
   author = {Smith, J.~M. and Jones, A.~B.},
   year = {2012},
   edition = {7th},
}

@article{2005_gomoku,
	title = {计算机五子棋博弈系统的研究与实现},
	author = {董红安},
	year = {2005},
}

@unpublished{chess_type,
	title = {基本搜索之于五子棋},
	author = {赵耀},
	year = {2019}
}

@unpublished{minimax,
	title = {Algorithm for Games},
	author = {Xiaofen Lu},
	year = {2019}
}

@ARTICLE{ncs,
	author={K. {Tang} and P. {Yang} and X. {Yao}},
	journal={IEEE Journal on Selected Areas in Communications},
	title={Negatively Correlated Search},
	year={2016},
	volume={34},
	number={3},
	pages={542-550},
	keywords={Big Data;concave programming;data analysis;diversity reception;evolutionary computation;search problems;statistical distributions;evolutionary algorithms;complex optimization problems;big data analytics;individual search processes;probability distributions;negatively correlated search behaviors;diversity preservation scheme;multimodal nonconvex continuous optimization problems;unequally spaced linear antenna arrays;Optimization;Sociology;Statistics;Probability distribution;Big data;Search methods;Maintenance engineering;Evolutionary Algorithms;Negative Correlation;Diversity Maintenance;Optimization in Communication;Evolutionary algorithms;negative correlation;diversity maintenance;optimization in communication systems},
	doi={10.1109/JSAC.2016.2525458},
	ISSN={},
	month={March},
}

@inproceedings{olmp,
	title     = {Optimization based Layer-wise Magnitude-based Pruning for DNN Compression},
	author    = {Guiying Li and Chao Qian and Chunhui Jiang and Xiaofen Lu and Ke Tang},
	booktitle = {Proceedings of the Twenty-Seventh International Joint Conference on
	Artificial Intelligence, {IJCAI-18}},
	publisher = {International Joint Conferences on Artificial Intelligence Organization},             
	pages     = {2383--2389},
	year      = {2018},
	month     = {7},
	doi       = {10.24963/ijcai.2018/330},
	url       = {https://doi.org/10.24963/ijcai.2018/330},
}
